<record><leader>00000cas a22000007a 4500</leader><controlfield tag="001">17456971</controlfield><controlfield tag="008">880210c19129999nyuwr ne      0    0eng d</controlfield><datafield ind1=" " ind2=" " tag="010"><subfield code="a">sn 88075660 </subfield></datafield><datafield ind1=" " ind2=" " tag="040"><subfield code="a">NYG</subfield><subfield code="b">eng</subfield><subfield code="c">NYG</subfield><subfield code="d">NYS</subfield><subfield code="d">NYG</subfield><subfield code="d">NYS</subfield><subfield code="d">OCLCQ</subfield></datafield><datafield ind1=" " ind2=" " tag="042"><subfield code="a">msc</subfield></datafield><datafield ind1="0" ind2="0" tag="245"><subfield code="a">Harlem Valley times.</subfield></datafield><datafield ind1="1" ind2="3" tag="246"><subfield code="a">Dover Plains news</subfield></datafield><datafield ind1="1" ind2="3" tag="246"><subfield code="a">Sharon messenger</subfield></datafield><datafield ind1="1" ind2="3" tag="246"><subfield code="a">Pawling sentinel</subfield></datafield><datafield ind1="1" ind2="3" tag="246"><subfield code="a">Millerton herald</subfield></datafield><datafield ind1="1" ind2="3" tag="246"><subfield code="a">Wassaic record</subfield><subfield code="f">Jan. 11, 1913-</subfield></datafield><datafield ind1=" " ind2=" " tag="260"><subfield code="a">Amenia, N.Y. :</subfield><subfield code="b">Amenia Times Co.</subfield></datafield><datafield ind1=" " ind2=" " tag="300"><subfield code="a">v.</subfield></datafield><datafield ind1=" " ind2=" " tag="310"><subfield code="a">Weekly</subfield></datafield><datafield ind1="1" ind2=" " tag="362"><subfield code="a">Began with July 6, 1912 issue?</subfield></datafield><datafield ind1=" " ind2=" " tag="500"><subfield code="a">Publishers: Elliot McEldowney &lt;1913&gt;.</subfield></datafield><datafield ind1=" " ind2=" " tag="515"><subfield code="a">Contains columns titled: Amenia times; Millerton herald; Sharon messenger; Dover Plains news; Pawling sentinel; Wassaic record; and Coleman's Station (Aug. 2, 1913-Nov. 22, 1913).</subfield></datafield><datafield ind1=" " ind2=" " tag="588"><subfield code="a">Description based on: Vol. 61, no. 25 (July 13, 1912).</subfield></datafield><datafield ind1=" " ind2="4" tag="651"><subfield code="a">Amenia (N.Y.)</subfield><subfield code="v">Newspapers.</subfield></datafield><datafield ind1=" " ind2="4" tag="651"><subfield code="a">Dover Plains (N.Y.)</subfield><subfield code="v">Newspapers.</subfield></datafield><datafield ind1=" " ind2="4" tag="651"><subfield code="a">Sharon (N.Y.)</subfield><subfield code="v">Newspapers.</subfield></datafield><datafield ind1=" " ind2="4" tag="651"><subfield code="a">Pawling (N.Y.)</subfield><subfield code="v">Newspapers.</subfield></datafield><datafield ind1=" " ind2="4" tag="651"><subfield code="a">Millerton (N.Y.)</subfield><subfield code="v">Newspapers.</subfield></datafield><datafield ind1=" " ind2="4" tag="651"><subfield code="a">Wassaic (N.Y.)</subfield><subfield code="v">Newspapers.</subfield></datafield><datafield ind1=" " ind2=" " tag="752"><subfield code="a">United States</subfield><subfield code="b">New York</subfield><subfield code="c">Dutchess</subfield><subfield code="d">Amenia.</subfield></datafield><datafield ind1=" " ind2=" " tag="752"><subfield code="a">United States</subfield><subfield code="b">New York</subfield><subfield code="c">Dutchess</subfield><subfield code="d">Dover Plains.</subfield></datafield><datafield ind1=" " ind2=" " tag="752"><subfield code="a">United States</subfield><subfield code="b">New York</subfield><subfield code="c">Dutchess</subfield><subfield code="d">Sharon.</subfield></datafield><datafield ind1=" " ind2=" " tag="752"><subfield code="a">United States</subfield><subfield code="b">New York</subfield><subfield code="c">Dutchess</subfield><subfield code="d">Pawling.</subfield></datafield><datafield ind1=" " ind2=" " tag="752"><subfield code="a">United States</subfield><subfield code="b">New York</subfield><subfield code="c">Dutchess</subfield><subfield code="d">Millerton.</subfield></datafield><datafield ind1=" " ind2=" " tag="752"><subfield code="a">United States</subfield><subfield code="b">New York</subfield><subfield code="c">Dutchess</subfield><subfield code="d">Wassaic.</subfield></datafield><datafield ind1="0" ind2="0" tag="780"><subfield code="t">Amenia times</subfield><subfield code="w">(DLC)sn 83030627</subfield></datafield><datafield ind1="1" ind2=" " tag="029"><subfield code="a">AU@</subfield><subfield code="b">000025833562</subfield></datafield></record>